<?xml version="1.0" encoding="UTF-8"?><collection xmlns="http://www.loc.gov/MARC21/slim"><record><leader>00508nam--2200193-u-4500</leader><controlfield tag="001">000055862</controlfield><controlfield tag="002">20161230</controlfield><controlfield tag="005">20161230201052</controlfield><controlfield tag="008">130812s1000------------r-----000-0-eng-d</controlfield><datafield ind1=" " ind2=" " tag="040"><subfield code="a">IFIN-HH</subfield></datafield><datafield ind1=" " ind2=" " tag="080"><subfield code="a">519.4</subfield></datafield><datafield ind1="1" ind2=" " tag="100"><subfield code="a">Leech, J.W</subfield></datafield><datafield ind1="1" ind2="0" tag="245"><subfield code="a">How to use groups</subfield><subfield code="c">J.w. leech, d.j. newman</subfield></datafield><datafield ind1=" " ind2=" " tag="260"><subfield code="a">London</subfield><subfield code="b">Methuen And Co Ltd</subfield><subfield code="c">1969</subfield></datafield><datafield ind1=" " ind2=" " tag="300"><subfield code="a">V+133P</subfield></datafield><datafield ind1=" " ind2=" " tag="490"><subfield code="a">Methuen'S Monographs On Physical Subjects</subfield></datafield><datafield ind1="1" ind2=" " tag="700"><subfield code="a">Newman, D.J</subfield></datafield><datafield ind1=" " ind2=" " tag="852"><subfield code="a">33404</subfield><subfield code="c">519.4/5</subfield></datafield><datafield ind1=" " ind2=" " tag="CAT"><subfield code="a">Sys</subfield><subfield code="c">20130812</subfield><subfield code="h">160338</subfield></datafield></record></collection>